% This file was created with JabRef 2.3.1.
% Encoding: Cp1252


@ARTICLE{RW1,
  author = {Mdne Yilmaz},
  title = {Duty Cycle Control In Wireless Sensor Networks},
  journal = {A Thesis Submitted To The Graduate School Of Natural And Applied Sciences Of Middle East Technical University},
  year = {September 2007},
  pages = {8 - 75},
  owner = {abhishek},
  timestamp = {2011.05.26}
}


@ARTICLE{RW2,
  author = {Kemal Akkaya and Mohamed Younis},
  title = {A Survey on Routing Protocols for Wireless Sensor Networks},
  volume = {1},
  pages = {1 - 29},
  owner = {abhishek},
  timestamp = {2011.05.26}
}

@ARTICLE{RW3,
  author = {Nedal Hussein Ahmad Ababneh},
  title = {Energy Efficient Topology Control Algorithm For Wireless Sensor Networks},
  journal = {A thesis submitted at The University of Sydney},
  year = {November 2008},
  volume = {1},
  pages = {1-177},
  owner = {abhishek},
  timestamp = {2011.05.26}
}

@ARTICLE{RW4,
  author = {James William Fonda},
  title = {Energy Efficient Wireless Sensor Network Protocols For Monitoring And Prognostics Of Large Scale Systems},
  journal = {A Dissertation Presented To The Faculty Of The Graduate School Of The University Of Missouri-Rolla},
  year = {2008},
  volume = {1},
  pages = {10 - 211},
  owner = {abhishek},
  timestamp = {2011.05.26}
}

@comment{jabref-meta: selector_publisher:}

@comment{jabref-meta: selector_author:}

@comment{jabref-meta: selector_journal:}

@comment{jabref-meta: selector_keywords:}

